<record xmlns="http://www.loc.gov/MARC21/slim">
   <leader>01631nam a2200409 i 4500</leader>
   <controlfield tag="001">6849935</controlfield>
   <controlfield tag="003">CaONFJC</controlfield>
   <controlfield tag="005">20150306042115.0</controlfield>
   <controlfield tag="006">m        d        </controlfield>
   <controlfield tag="007">cr||n|||||||||</controlfield>
   <controlfield tag="008">141119s2015    enka   fo     000 0 eng d</controlfield>
   <datafield ind1=" " ind2=" " tag="020">
      <subfield code="a">1849055165 (pbk.)</subfield>
   </datafield>
   <datafield ind1=" " ind2=" " tag="020">
      <subfield code="a">9781322864457 (MyiLibrary)</subfield>
   </datafield>
   <datafield ind1=" " ind2=" " tag="020">
      <subfield code="a">9781849055161 (pbk.)</subfield>
   </datafield>
   <datafield ind1=" " ind2=" " tag="037">
      <subfield code="a">717727</subfield>
      <subfield code="b">MIL</subfield>
   </datafield>
   <datafield ind1=" " ind2=" " tag="039">
      <subfield code="a">exclude</subfield>
   </datafield>
   <datafield ind1=" " ind2=" " tag="040">
      <subfield code="a">CaONFJC</subfield>
      <subfield code="c">CaONFJC</subfield>
      <subfield code="e">rda</subfield>
      <subfield code="d">AEU</subfield>
   </datafield>
   <datafield ind1=" " ind2="4" tag="050">
      <subfield code="a">PN4129.15</subfield>
   </datafield>
   <datafield ind1="0" ind2="4" tag="082">
      <subfield code="a">808.5/1/0874</subfield>
      <subfield code="2">23</subfield>
   </datafield>
   <datafield ind1=" " ind2=" " tag="090">
      <subfield code="a">Internet Access</subfield>
      <subfield code="b">AEGMCT</subfield>
   </datafield>
   <datafield ind1="1" ind2=" " tag="100">
      <subfield code="a">Bergemann, Rosalind,</subfield>
      <subfield code="e">author.</subfield>
   </datafield>
   <datafield ind1="1" ind2="3" tag="245">
      <subfield code="a">An Asperger's guide to public speaking</subfield>
      <subfield code="h">[electronic resource] :</subfield>
      <subfield code="b">how to excel at public speaking for professionals with Autism Spectrum Disorder /</subfield>
      <subfield code="c">Rosalind A. Bergemann.</subfield>
   </datafield>
   <datafield ind1=" " ind2="1" tag="264">
      <subfield code="a">London :</subfield>
      <subfield code="b">Jessica Kingsley Publishers,</subfield>
      <subfield code="c">2015.</subfield>
   </datafield>
   <datafield ind1=" " ind2=" " tag="300">
      <subfield code="a">1 online resource (176 pages) :</subfield>
      <subfield code="b">illustrations (black and white)</subfield>
   </datafield>
   <datafield ind1=" " ind2=" " tag="336">
      <subfield code="a">text</subfield>
      <subfield code="b">txt</subfield>
      <subfield code="2">rdacontent</subfield>
   </datafield>
   <datafield ind1=" " ind2=" " tag="337">
      <subfield code="a">computer</subfield>
      <subfield code="b">c</subfield>
      <subfield code="2">rdamedia</subfield>
   </datafield>
   <datafield ind1=" " ind2=" " tag="338">
      <subfield code="a">online resource</subfield>
      <subfield code="b">cr</subfield>
      <subfield code="2">rdacarrier</subfield>
   </datafield>
   <datafield ind1="1" ind2=" " tag="490">
      <subfield code="a">Asperger's employment skills guides</subfield>
   </datafield>
   <datafield ind1=" " ind2=" " tag="506">
      <subfield code="a">Access restricted to authorized users and institutions.</subfield>
   </datafield>
   <datafield ind1=" " ind2=" " tag="588">
      <subfield code="a">Description based on print version record.</subfield>
   </datafield>
   <datafield ind1=" " ind2=" " tag="596">
      <subfield code="a">57</subfield>
   </datafield>
   <datafield ind1=" " ind2="0" tag="650">
      <subfield code="a">Autistic people.</subfield>
   </datafield>
   <datafield ind1=" " ind2="0" tag="650">
      <subfield code="a">Public speaking.</subfield>
   </datafield>
   <datafield ind1=" " ind2="0" tag="830">
      <subfield code="a">Asperger's employment skills guides</subfield>
   </datafield>
   <datafield ind1="4" ind2="0" tag="856">
      <subfield code="3">MacEwan University Access</subfield>
      <subfield code="u">http://lib.myilibrary.com/detail.asp?ID=717727</subfield>
      <subfield code="z">(Single User Access)</subfield>
      <subfield code="z">from MyiLibrary</subfield>
   </datafield>
   <datafield ind1=" " ind2=" " tag="949">
      <subfield code="h">UAIN</subfield>
      <subfield code="m">GR_MAC_INT</subfield>
      <subfield code="z">MILGMPSA</subfield>
   </datafield>
   <datafield ind1=" " ind2=" " tag="926">
      <subfield code="a">Internet Access</subfield>
      <subfield code="w">ORDER</subfield>
      <subfield code="c">1</subfield>
      <subfield code="i">6849935-2001</subfield>
      <subfield code="l">INTERNET</subfield>
      <subfield code="m">GR_MAC_INT</subfield>
      <subfield code="r">Y</subfield>
      <subfield code="s">Y</subfield>
      <subfield code="t">E-RESOURCE</subfield>
      <subfield code="u">3/18/2015</subfield>
      <subfield code="x">E-BOOK</subfield>
      <subfield code="z">MILGMPSA</subfield>
   </datafield>
</record>
